@comment{x-kbibtex-personnameformatting=<%f ><%l><, %s>}

@phdthesis{erler2015phd,
  title    = {{High Resolution Hydro-climatological Projections for Western Canada}},
  school   = {University of Toronto},
  author   = {Erler, Andre R.},
  year     = {2015},
  url      = "http://www.physics.utoronto.ca/~aerler/files/Erler_Andre_R_201511_PhD_thesis.pdf",
}

%% Computing

@inproceedings{loken2010scinet,
  title={SciNet: lessons learned from building a power-efficient top-20 system and data centre},
  author={Loken, Chris and Gruner, Daniel and Groer, Leslie and Peltier, Richard and Bunn, Neil and Craig, Michael and Henriques, Teresa and Dempsey, Jillian and Yu, Ching-Hsing and Chen, Joseph and others},
  booktitle={Journal of Physics: Conference Series},
  volume={256},
  number={1},
  pages={012026},
  year={2010},
  organization={IOP Publishing}
}

@Misc{scipy,
  author =    {Eric Jones and Travis Oliphant and Pearu Peterson and others},
  title =     {{SciPy}: Open source scientific tools for {Python}},
  year =      {2001--},
  url = "http://www.scipy.org/",
  note = {[Online; accessed 2015-06-08]}
}

@article{scikit-learn,
  title={Scikit-learn: Machine Learning in {P}ython},
  author={Pedregosa, F. and Varoquaux, G. and Gramfort, A. and Michel, V.
    and Thirion, B. and Grisel, O. and Blondel, M. and Prettenhofer, P.
    and Weiss, R. and Dubourg, V. and Vanderplas, J. and Passos, A. and
    Cournapeau, D. and Brucher, M. and Perrot, M. and Duchesnay, E.},
  journal={Journal of Machine Learning Research},
  volume={12},
  pages={2825--2830},
  year={2011}
}

@inproceedings{arthur2007kmeans++,
  title={k-means++: The advantages of careful seeding},
  author={Arthur, David and Vassilvitskii, Sergei},
  booktitle={Proceedings of the eighteenth annual ACM-SIAM symposium on Discrete algorithms},
  pages={1027--1035},
  year={2007},
  organization={Society for Industrial and Applied Mathematics}
}

@article{gnuparallel,
  title={GNU parallel --- the command-line power tool},
  author={Tange, Ole and others},
  journal={The USENIX Magazine},
  volume={36},
  number={1},
  pages={42--47},
  year={2011}
}

@Misc{amsglossary,
  author =    {Mary M. Cairns},
  editor =    {Mary M. Cairns},
  title =     {{Glossary of Meteorology}},
  year =      {2013},
  url = "http://glossary.ametsoc.org/",
  note = {[Online; accessed 2015-06-17]},
  organization={American Meteorological Society}
}

%% Global Climate

@article{lorenz1963chaos,
  title={Deterministic nonperiodic flow},
  author={Lorenz, Edward N},
  journal={J. Atmos. Sci.},
  volume={20},
  number={2},
  pages={130--141},
  year={1963}
}

@article{held2006hydro,
  title={Robust responses of the hydrological cycle to global warming},
  author={Held, Isaac M and Soden, Brian J},
  journal={J. Climate},
  volume={19},
  number={21},
  pages={5686--5699},
  year={2006}
}

@article{knutti2008uncertainty,
  author = "R. Knutti and M. R. Allen and P. Friedlingstein and J. M. Gregory and G. C. Hegerl and G. A. Meeh and M. Meinshausen and J. M. Murphy and G.-K. Plattne and S. C. B. Raper and T. F. Stocker and P. A. Stott and H. Teng and T. M. L. Wigley",
  journal = "J. Climate",
  pages = "2651--2663",
  title = "{A review of uncertainties in global temperature projections over the twenty-first century}",
  volume = 21,
  year = "2008"
}

@article{deser2012variability,
  author = "Clara Deser and Adam Phillips and Vincent Bourdette and Haiyan Teng",
  journal = "Climate dynamics",
  number = "3-4",
  pages = "527--546",
  publisher = "Springer",
  title = "{Uncertainty in climate change projections: the role of internal variability}",
  volume = "38",
  year = "2012"
}

@article{hawkins2009uncertainty,
  title={The potential to narrow uncertainty in regional climate predictions},
  author={Hawkins, Ed and Sutton, Rowan},
  journal={Bull. Amer. Meteor. Soc.},
  volume={90},
  number={8},
  pages={1095--1107},
  year={2009}
}

@article{pollock2012global,
  author = "Edward W Pollock and Andrew BG Bush",
  journal = "Atmos.--Ocean",
  number = "1",
  pages = "70--85",
  publisher = "Taylor \& Francis",
  title = "{Climate Change in Western North America caused by CO2 rise: A Coupled Atmos.--Ocean Model Simulation}",
  volume = "50",
  year = "2012"
}

@article{dorgeville2007pdoamo,
  title={{On the Pacific decadal oscillation and the Atlantic multidecadal oscillation: might they be related?}},
  author={d'Orgeville, Marc and Peltier, W Richard},
  journal={Geophy. Res. Lett.},
  volume={34},
  number={23},
  year={2007},
  pages={L23705},
  publisher={Wiley Online Library}
}

@article{dorgeville2009pacific,
  title={{Implications of both statistical equilibrium and global warming simulations with CCSM3. Part I: On the decadal variability in the North Pacific basin.}},
  author={d'Orgeville, Marc and Peltier, W Richard},
  journal={J. Climate},
  volume={22},
  number={20},
  pages={5277--5297},
  year={2009}
}

@article{deser2010sstmodes,
  title={Sea surface temperature variability: Patterns and mechanisms},
  author={Deser, Clara and Alexander, Michael A and Xie, Shang-Ping and Phillips, Adam S},
  journal={Annual Review of Marine Science},
  volume={2},
  pages={115--143},
  year={2010},
  publisher={Annual Reviews}
}

%% CESM

@article{collins2006ccsm3,
  title={The formulation and atmospheric simulation of the Community Atmosphere Model version 3 (CAM3)},
  author={Collins, William D and Rasch, Philip J and Boville, Byron A and Hack, James J and McCaa, James R and Williamson, David L and Briegleb, Bruce P and Bitz, Cecilia M and Lin, Shian-Jiann and Zhang, Minghua},
  journal={J. Climate},
  volume={19},
  number={11},
  pages={2144--2161},
  year={2006}
}

@article{gent2011ccsm4,
  author = {Peter R Gent and Gokhan Danabasoglu and Leo J Donner and Marika M Holland and Elizabeth C Hunke and Steve R Jayne and David M Lawrence and Richard B Neale and Philip J Rasch and Mariana Vertenstein and others},
  journal = {J. Climate},
  number = {19},
  pages = {4973--4991},
  title = {The community climate system model version 4},
  volume = {24},
  year = {2011}
}

@article{neale2013ccsm4clim,
  title={The Mean Climate of the Community Atmosphere Model (CAM4) in Forced SST and Fully Coupled Experiments.},
  author={Neale, Richard B and Richter, Jadwiga and Park, Sungsu and Lauritzen, Peter H and Vavrus, Stephen J and Rasch, Philip J and Zhang, Minghua},
  journal={J. Climate},
  volume={26},
  number={14},
  year={2013}
}

@article{deser2012enso,
  title={ENSO and Pacific decadal variability in the Community Climate System Model version 4},
  author={Deser, Clara and Phillips, Adam S and Tomas, Robert A and Okumura, Yuko M and Alexander, Michael A and Capotondi, Antonietta and Scott, James D and Kwon, Young-Oh and Ohba, Masamichi},
  journal={J. Climate},
  volume={25},
  number={8},
  pages={2622--2651},
  year={2012}
}

@article{lawrence2012ccsm4clm4,
  title={{The CCSM4 Land Simulation, 1850-2005: Assessment of Surface Climate and New Capabilities}},
  author={Lawrence, David M and Oleson, Keith W and Flanner, Mark G and Fletcher, Christopher G and Lawrence, Peter J and Levis, Samuel and Swenson, Sean C and Bonan, Gordon B},
  journal={J. Climate},
  volume={25},
  number={7},
  year={2012}
}

@article{danabasoglu2012ccsm4pop2,
  title={{The CCSM4 Ocean Component}},
  author={Danabasoglu, Gokhan and Bates, Susan C and Briegleb, Bruce P and Jayne, Steven R and Jochum, Markus and Large, William G and Peacock, Synte and Yeager, Steve G},
  journal={J. Climate},
  volume={25},
  number={5},
  pages={1361--1389},
  year={2012}
}

@article{holland2012ccsm4cice,
  title={{Improved Sea Ice Shortwave Radiation Physics in CCSM4: The Impact of Melt Ponds and Aerosols on Arctic Sea Ice}},
  author={Holland, Marika M and Bailey, David A and Briegleb, Bruce P and Light, Bonnie and Hunke, Elizabeth},
  journal={J. Climate},
  volume={25},
  number={5},
  pages={1413--1430},
  year={2012}
}

@article{hunke2010cicemanual,
  title={CICE: the Los Alamos Sea Ice Model Documentation and Software Userâ€™s Manual Version 4.1 LA-CC-06-012},
  author={Hunke, Elizabeth C and Lipscomb, William H and Turner, Adrian K and others},
  journal={T-3 Fluid Dynamics Group, Los Alamos National Laboratory},
  year={2010}
}

@article{jahn2012ccsm4arctic,
  title={Late-Twentieth-Century Simulation of Arctic Sea Ice and Ocean Properties in the CCSM4},
  author={Jahn, Alexandra and Sterling, Kara and Holland, Marika M and Kay, Jennifer E and Maslanik, James A and Bitz, Cecilia M and Bailey, David A and Stroeve, Julienne and Hunke, Elizabeth C and Lipscomb, William H and others},
  journal={J. Climate},
  volume={25},
  number={5},
  pages={1431--1452},
  year={2012}
}

@article{meehl2012ccsm4rcps,
  title={Climate System Response to External Forcings and Climate Change Projections in CCSM4},
  author={Meehl, Gerald A and Washington, Warren M and Arblaster, Julie M and Hu, Aixue and Teng, Haiyan and Tebaldi, Claudia and Sanderson, Benjamin N and Lamarque, Jean-Francois and Conley, Andrew and Strand, Warren G and others},
  journal={J. Climate},
  volume={25},
  number={11},
  pages={3661--3683},
  year={2012}
}

@article{vanvuuren2011rcps,
  title={The representative concentration pathways: an overview},
  author={Van Vuuren, Detlef P and Edmonds, Jae and Kainuma, Mikiko and Riahi, Keywan and Thomson, Allison and Hibbard, Kathy and Hurtt, George C and Kram, Tom and Krey, Volker and Lamarque, Jean-Francois and others},
  journal={Climatic change},
  volume={109},
  pages={5--31},
  year={2011},
  publisher={Springer}
}

@inbook{ipcc2013wg1chap9,
  title={The Fifth Assessment Report (AR5) of the United Nations Intergovernmental Panel on Climate Change (IPCC), Climate Change 2013: The Physical Science Basis, IPCC WGI AR5},
  author={{IPCC}},
  chapter={9},
  note={{Evaluation of Climate Models}},
  year={2013},
  institution={Tech. rep., Intergovernmental Panel on Climate Change (IPCC)}
}

@inbook{ipcc2013wg1chap10,
  title={The Fifth Assessment Report (AR5) of the United Nations Intergovernmental Panel on Climate Change (IPCC), Climate Change 2013: The Physical Science Basis, IPCC WGI AR5},
  author={{IPCC}},
  chapter={10},
  note={{Detection and Attribution of Climate Change: from Global to Regional}},
  year={2013},
  institution={Tech. rep., Intergovernmental Panel on Climate Change (IPCC)}
}

@inbook{ipcc2013wg1chap14,
  title={The Fifth Assessment Report (AR5) of the United Nations Intergovernmental Panel on Climate Change (IPCC), Climate Change 2013: The Physical Science Basis, IPCC WGI AR5},
  author={{IPCC}},
  chapter={14},
  note={{Climate Phenomena and their Relevance for Future Regional Climate Change}},
  year={2013},
  institution={Tech. rep., Intergovernmental Panel on Climate Change (IPCC)}
}

@article{phillips2014cvdp,
  title={Evaluating modes of variability in climate models},
  author={Phillips, Adam S and Deser, Clara and Fasullo, John},
  journal={Eos, Transactions American Geophysical Union},
  volume={95},
  number={49},
  pages={453--455},
  year={2014},
  publisher={Wiley Online Library}
}

%@article{phillips2014cvdp_old,
%  author = "Philips, Adam S and Deser, Clara and Fasullo, John",
%  journal = "EOS",
%  publisher = "American Geophysical Union",
%  title = "{A New Tool for Evaluating Modes of Variability in Climate Models}",
%  url = "https://www2.cesm.ucar.edu/working-groups/cvcwg/cvdp",
%  year = "submitted",
%}
% url = "http://www.cgd.ucar.edu/staff/asphilli/docs/phillips.cvdp.submitted.aug14.pdf"
% year = {2014},
% http://www.cgd.ucar.edu/staff/asphilli/docs/phillips.cvdp.submitted.aug14.pdf

%% WRF

@techreport{wang2012user,
  author = "Wei Wang and Cindy Bruyere and Michael Duda and J Dudhia and D Gill and M Kavulich and K Keene and HC Lin and J Michalakes and S Rizvi and X Zhang and others",
  institution = "Mesoscale \& Miscroscale Meteorology Division, National Center for Atmospheric Research",
  title = "{ARW version 3 modeling system user{\rq}s guide (January 2012)}",
  year = "2012",
  url = "http://wrf-model.org/index.php",
}
% http://www.mmm.ucar.edu/wrf/users/docs/user\_guide\_V3.4/ARWUsersGuideV3.4.pdf

@article{skamarock2004spectrum,
  title={Evaluating mesoscale NWP models using kinetic energy spectra},
  author={Skamarock, William C},
  journal={Mon. Wea. Rev.},
  volume={132},
  number={12},
  pages={3019--3032},
  year={2004}
}

@techreport{skamarock2008tech,
  author = "WC Skamarock and JB Klemp and J Dudhia and DO Gill and DM Barker and MG Duda and Huang XY and W Wang and Powers JG",
  institution = "Mesoscale \& Miscroscale Meteorology Division, National Center for Atmospheric Research",
  title = "{A description of the Advanced Research WRF version 3 (June 2008)}",
  year = "2008"
}

% {Note NCAR/TN-4751STR}

@article{skamarock2008wrfv3,
  author = "William C Skamarock and Joseph B Klemp",
  journal = "Journal of Computational Physics",
  number = "7",
  pages = "3465--3485",
  publisher = "Elsevier",
  title = "{A time-split nonhydrostatic atmospheric model for weather research and forecasting applications}",
  volume = "227",
  year = "2008"
}

@article{hong2006wsm6,
  title={The WRF single-moment 6-class microphysics scheme (WSM6)},
  author={Hong, Song-You and Lim, Jeong-Ock Jade},
  journal={Asia-Pacific Journal of Atmospheric Sciences},
  volume={42},
  number={2},
  pages={129--151},
  year={2006}
}

@article{thompson2008mp,
  title={Explicit forecasts of winter precipitation using an improved bulk microphysics scheme. Part II: Implementation of a new snow parameterization},
  author={Thompson, Gregory and Field, Paul R and Rasmussen, Roy M and Hall, William D},
  journal={Mon. Wea. Rev.},
  volume={136},
  number={12},
  pages={5095--5115},
  year={2008}
}

@article{morrison2009m2m,
  author = "H Morrison and G Thompson and V Tatarskii",
  journal = "Mon. Wea. Rev.",
  number = "3",
  pages = "991--1007",
  title = "{Impact of cloud microphysics on the development of trailing stratiform precipitation in a simulated squall line: Comparison of one-and two-moment schemes}",
  volume = "137",
  year = "2009"
}

@article{nakanishi2009tke3,
  author = "Mikio Nakanishi and Hiroshi Niino",
  journal = "J. Meteor. Soc. Japan",
  number = "5",
  pages = "895--912",
  publisher = "J-STAGE",
  title = "{Development of an improved turbulence closure model for the atmospheric boundary layer}",
  volume = "87",
  year = "2009"
}

@article{hong2008gwd,
  author = "Song-You Hong and Jung Choi and Eun-Chul Chang and Hoon Park and Young-Joon Kim",
  journal = "Weather and Forecasting",
  number = "3",
  pages = "523--531",
  title = "{Lower-tropospheric enhancement of gravity wave drag in a global spectral atmospheric forecast model}",
  volume = "23",
  year = "2008"
}

@article{kain2004kf,
  title={The Kain-Fritsch convective parameterization: an update},
  author={Kain, John S},
  journal={Journal of Applied Meteorology},
  volume={43},
  number={1},
  pages={170--181},
  year={2004}
}

@article{grell2002grell3,
  author = "Georg A Grell and Dezs\H{o} D{\'e}v{\'e}nyi",
  journal = "Geophy. Res. Lett.",
  number = "14",
  pages = "38--1",
  publisher = "Wiley Online Library",
  title = "{A generalized approach to parameterizing convection combining ensemble and data assimilation techniques}",
  volume = "29",
  year = "2002"
}

@article{tiedtke1989cumulus,
  title={A comprehensive mass flux scheme for cumulus parameterization in large-scale models},
  author={Tiedtke, Michael},
  journal={Mon. Wea. Rev.},
  volume={117},
  number={8},
  pages={1779--1800},
  year={1989}
}

@article{iacono2008rrtmg,
  author = "Michael J Iacono and Jennifer S Delamere and Eli J Mlawer and Mark W Shephard and Shepard A Clough and William D Collins",
  journal = "J. Geophys. Res. (1984--2012)",
  number = "D13",
  title = "{Radiative forcing by long-lived greenhouse gases: Calculations with the AER radiative transfer models}",
  volume = "113",
  year = "2008"
}

@inproceedings{tewari2004noah,
  author = "M Tewari and F Chen and W Wang and J Dudhia and MA LeMone and K Mitchell and M Ek and G Gayno and J Wegiel and RH Cuenca",
  booktitle = "{20th conference on weather analysis and forecasting/16th conference on numerical weather prediction}",
  pages = "11--15",
  title = "{Implementation and verification of the unified NOAH land surface model in the WRF model}",
  year = "2004"
}

@article{niu2011noahmp,
  title={The community Noah land surface model with multiparameterization options (Noah-MP): 1. Model description and evaluation with local-scale measurements},
  author={Niu, Guo-Yue and Yang, Zong-Liang and Mitchell, Kenneth E and Chen, Fei and Ek, Michael B and Barlage, Michael and Kumar, Anil and Manning, Kevin and Niyogi, Dev and Rosero, Enrique and others},
  journal={J. Geophys. Res. (1984--2012)},
  volume={116},
  number={D12},
  year={2011},
  publisher={Wiley Online Library}
}

@article{verseghy2000class,
  title={The Canadian land surface scheme (CLASS): its history and future},
  author={Verseghy, Diana L},
  journal={Atmos.--Ocean},
  volume={38},
  number={1},
  pages={1--13},
  year={2000},
  publisher={Taylor \& Francis}
}

@article{miguez2004spectral,
  author = "Gonzalo Miguez-Macho and Georgiy L Stenchikov and Alan Robock",
  journal = "J. Geophys. Res.",
  number = "D13",
  pages = "D13104",
  publisher = "American Geophysical Union",
  title = "{Spectral nudging to eliminate the effects of domain position and geometry in regional climate model simulations}",
  volume = "109",
  year = "2004"
}

@article{jin2012clm,
  author = "Jiming Jin and Lijuan Wen",
  journal = "J. Geophys. Res. (1984--2012)",
  number = "D10",
  title = "{Evaluation of snowmelt simulation in the Weather Research and Forecasting model}",
  volume = "117",
  year = "2012"
}

@article{fita2009clwrf,
  title="{CLWRF: WRF modifications for regional climate simulation under future scenarios. 11th WRF Usersâ€™ Workshop}",
  author="Fita, L and Fern{\'a}ndez, J and Garcia-Dez, M",
  year={2009}
}

@article{warner2011quality,
  title={Quality assurance in atmospheric modeling},
  author={Warner, Thomas T},
  journal={Bull. Amer. Meteor. Soc.},
  volume={92},
  number={12},
  pages={1601--1610},
  year={2011},
  publisher={American Meteorological Society}
}

%% Regional Climate

@article{mote2010pnwclim,
  title={Future climate in the Pacific Northwest},
  author={Mote, Philip W and Salathe, Eric P},
  journal={Climatic Change},
  volume={102},
  number={1-2},
  pages={29--50},
  year={2010},
  publisher={Springer}
}

@article{abatzoglou2014pnwclim,
  title={Seasonal climate variability and change in the Pacific Northwest of the United States},
  author={Abatzoglou, John T and Rupp, David E and Mote, Philip W},
  journal={J. Climate},
  year={2014}
}

%% Dynamical Downscaling


@article{laprise1997formulation,
  author = "Laprise, Ren{\'e} and Caya, Daniel and Bergeron, Guy and Gigu{\`e}re, Michel",
  journal = "Atmosphere-Ocean",
  number = "1",
  pages = "195--220",
  publisher = "Taylor \& Francis",
  title = "{The formulation of the Andr{\'e} Robert MC2 (mesoscale compressible community) model}",
  volume = "35",
  year = "1997"
}


@article{laprise1998crcm,
  author = "Laprise, Ren{\'e} and Caya, Daniel and Giguere, Michel and Bergeron, Guy and C{\^o}t{\'e}, H{\'e}l{\`e}ne and Blanchet, Jean-Pierre and Boer, George J and McFarlane, Norman A",
  journal = "Atmosphere-Ocean",
  number = "2",
  pages = "119--167",
  publisher = "Taylor \& Francis",
  title = "{Climate and climate change in western Canada as simulated by the Canadian Regional Climate Model}",
  volume = "36",
  year = "1998"
}

@article{vonStorch2000spectral,
  title={A spectral nudging technique for dynamical downscaling purposes},
  author={von Storch, Hans and Langenberg, Heike and Feser, Frauke},
  journal={Mon. Wea. Rev.},
  volume={128},
  number={10},
  pages={3664--3673},
  year={2000}
}

@article{lucas2008variability,
  title={Investigation of regional climate modelsâ€™ internal variability with a ten-member ensemble of 10-year simulations over a large domain},
  author={Lucas-Picher, Philippe and Caya, Daniel and de El{\'\i}a, Ram{\'o}n and Laprise, Ren{\'e}},
  journal={Climate dynamics},
  volume={31},
  number={7-8},
  pages={927--940},
  year={2008},
  publisher={Springer}
}

@article{cassano2011wrfconfig,
  title={Performance of the Weather Research and Forecasting Model for Month-Long Pan-Arctic Simulations.},
  author={Cassano, John J and Higgins, Matthew E and Seefeldt, Mark W},
  journal={Mon. Wea. Rev.},
  volume={139},
  number={11},
  year={2011}
}

@article{rasmussen2011hires,
  author = "Roy Rasmussen and Changhai Liu and Kyoko Ikeda and David Gochis and David Yates and Fei Chen and Mukul Tewari and Michael Barlage and Jimy Dudhia and Wei Yu and others",
  journal = "J. Climate",
  number = "12",
  pages = "3015--3048",
  title = "{High-resolution coupled climate runoff simulations of seasonal snowfall over Colorado: a process study of current and warmer climate}",
  volume = "24",
  year = "2011"
}

@article{endo2012hiresagcm,
  title={Future changes and uncertainties in Asian precipitation simulated by multiphysics and multi--sea surface temperature ensemble experiments with high-resolution Meteorological Research Institute atmospheric general circulation models (MRI-AGCMs)},
  author={Endo, Hirokazu and Kitoh, Akio and Ose, Tomoaki and Mizuta, Ryo and Kusunoki, Shoji},
  journal={J. Geophys. Res. (1984--2012)},
  volume={117},
  number={D16},
  year={2012},
  publisher={Wiley Online Library}
}

@article{gula2012flake,
  author = "Jonathan Gula and W Richard Peltier",
  journal = "J. Climate",
  number = "21",
  pages = "7723--7742",
  title = "{Dynamical Downscaling over the Great Lakes Basin of North America using the WRF Regional Climate Model: The impact of the Great Lakes system on regional greenhouse warming}",
  volume = "25",
  year = "2012"
}

@article{pollock2013regional,
  author = "Edward W Pollock and Andrew B G Bush",
  journal = "Atmos.--Ocean",
  number = "5",
  pages = "505--521",
  publisher = "Taylor \& Francis",
  title = "{Changes in Snow Mass Balance in the Canadian Rocky Mountains Caused by CO2 Rise: Regional Atmosphere Model Results}",
  volume = "51",
  year = "2013"
}

@article{gutmann2012comparison,
  author = "Ethan D Gutmann and Roy M Rasmussen and Changhai Liu and Kyoko Ikeda and David J Gochis and Martyn P Clark and Jimy Dudhia and Gregory Thompson",
  journal = "J. Climate",
  number = "1",
  pages = "262--281",
  title = "{A comparison of statistical and dynamical downscaling of winter precipitation over complex terrain}",
  volume = "25",
  year = "2012"
}

@article{salathe2010washington,
  author = "Eric P Salathe and L Ruby Leung and Yun Qian and Yongxin Zhang",
  journal = "Climatic Change",
  number = "1-2",
  pages = "51--75",
  publisher = "Springer",
  title = "{Regional climate model projections for the State of Washington}",
  volume = "102",
  year = "2010"
}

@article{maraun2010downscaling,
  author = "Douglas Maraun and F Wetterhall and A M Ireson and R E Chandler and E J Kendon and M Widmann and S Brienen and H W Rust and T Sauter and M Theme{\ss}l and others",
  journal = "Reviews of Geophysics",
  number = "3",
  publisher = "Wiley Online Library",
  title = "{Precipitation downscaling under climate change: Recent developments to bridge the gap between dynamical models and the end user}",
  volume = "48",
  year = "2010"
}

@inproceedings{giorgi2006downscaling,
  author = "Filippo Giorgi",
  booktitle = "{Journal de Physique IV (Proceedings)}",
  organization = "EDP sciences",
  pages = "101--118",
  title = "{Regional climate modeling: Status and perspectives}",
  volume = "139",
  year = "2006"
}

@article{alexandru2007variability,
  author = "Alexandru, Adelina and de Elia, Ramon and Laprise, Ren{\'e}",
  journal = "Monthly Weather Review",
  number = "9",
  pages = "3221--3238",
  title = "{Internal variability in regional climate downscaling at the seasonal scale}",
  volume = "135",
  year = "2007"
}

@article{laprise2008challengingRCM,
  author = "Laprise, RRDE and {De Elia}, R and Caya, D and Biner, S and Lucas-Picher, PH and Diaconescu, E and Leduc, M and Alexandru, A and Separovic, L and others",
  journal = "Meteorology and Atmospheric Physics",
  number = "1-4",
  pages = "3--22",
  publisher = "Springer-Verlag",
  title = "{Challenging some tenets of regional climate modelling}",
  volume = "100",
  year = "2008"
}

@article{laprise2008regionalmodelling,
  author = "Laprise, Ren{\'e}",
  journal = "Journal of Computational Physics",
  number = "7",
  pages = "3641--3666",
  publisher = "Elsevier",
  title = "{Regional climate modelling}",
  volume = "227",
  year = "2008"
}

@article{giorgi2009cordex,
  title={Addressing climate information needs at the regional level: the CORDEX framework},
  author={Giorgi, Filippo and Jones, Colin and Asrar, Ghassem R and others},
  journal={World Meteorological Organization (WMO) Bulletin},
  volume={58},
  number={3},
  pages={175},
  year={2009}
}

@article{mearns2009narccap,
  title={A regional climate change assessment program for North America},
  author={Mearns, Linda O and Gutowski, William and Jones, Richard and Leung, Ruby and McGinnis, Seth and Nunes, Ana and Qian, Yun},
  journal={Eos, Transactions American Geophysical Union},
  volume={90},
  number={36},
  pages={311--311},
  year={2009},
  publisher={Wiley Online Library}
}

@article{arritt2011challenges,
  title={Challenges in Regional-Scale Climate Modeling},
  author={Arritt, Raymond W and Rummukainen, Markku},
  journal={Bull. Amer. Meteor. Soc.},
  volume={92},
  number={3},
  pages={365--368},
  year={2011},
  publisher={American Meteorological Society}
}

@article{racherla2012gcmrcm,
  title={The added value to global model projections of climate change by dynamical downscaling: A case study over the continental US using the GISS-ModelE2 and WRF models},
  author={Racherla, PN and Shindell, DT and Faluvegi, GS},
  journal={J. Geophys. Res. (1984--2012)},
  volume={117},
  number={D20},
  year={2012},
  publisher={Wiley Online Library}
}

@article{teutschbein2012bias,
  title={Bias correction of regional climate model simulations for hydrological climate-change impact studies: Review and evaluation of different methods},
  author={Teutschbein, Claudia and Seibert, Jan},
  journal={J. Hydrology},
  volume={456},
  pages={12--29},
  year={2012},
  publisher={Elsevier}
}

@article{diluca2012precippav,
  year={2012},
  author = "{Di Luca}, Alejandro and de El{\'i}a, Ram{\'o}n and Laprise, Ren{\'e}",
  doi = "10.1007/s00382-011-1068-3",
  issn = "0930-7575",
  journal = "Climate Dynamics",
  keywords = "Regional climate model; Temporal-spatial scale analysis; Precipitation; Added value",
  language = "English",
  number = "5-6",
  pages = "1229--1247",
  publisher = "Springer-Verlag",
  title = "{Potential for added value in precipitation simulated by high-resolution nested Regional Climate Models and observations}",
  volume = "38"
}
%url = "http://dx.doi.org/10.1007/s00382-011-1068-3",



@article{diluca2013smallscalepav,
  year={2013},
  author = "{Di Luca}, Alejandro and de El{\'i}a, Ram{\'o}n and Laprise, Ren{\'e}",
  doi = "10.1007/s00382-012-1415-z",
  issn = "0930-7575",
  journal = "Climate Dynamics",
  keywords = "Regional climate model; Temperature; Precipitations; Potential added value climate change signal",
  language = "English",
  number = "3-4",
  pages = "601--618",
  publisher = "Springer-Verlag",
  title = "{Potential for small scale added value of RCM{\rq}s downscaled climate change signal}",
  volume = "40"
}
%url = "http://dx.doi.org/10.1007/s00382-012-1415-z",

@article{diluca2013temperaturepav,
  year={2013},
  author = "{Di Luca}, Alejandro and de El{\'i}a, Ram{\'o}n and Laprise, Ren{\'e}",
  doi = "10.1007/s00382-012-1384-2",
  issn = "0930-7575",
  journal = "Climate Dynamics",
  keywords = "Regional climate model; Temperature; Surface forcings; Potential added value; Variance decomposition",
  language = "English",
  number = "1-2",
  pages = "443--464",
  publisher = "Springer-Verlag",
  title = "{Potential for added value in temperature simulated by high-resolution nested RCMs in present climate and in the climate change signal}",
  volume = "40"
}
%url = "http://dx.doi.org/10.1007/s00382-012-1384-2",

@article{separovic2013transient,
  year={2013},
  author = "\v{S}eparovi{\'c}, Leo and Alexandru, Adelina and Laprise, Ren{\'e} and Martynov, Andrey and Sushama, Laxmi and Winger, Katja and Tete, Kossivi and Valin, Michel",
  doi = "10.1007/s00382-013-1737-5",
  issn = "0930-7575",
  journal = "Climate Dynamics",
  keywords = "Regional climate modelling; CRCM5; CORDEX; Climate change projections over North America; Bukovsky{\rq}s regionalisation",
  language = "English",
  number = "11-12",
  pages = "3167--3201",
  publisher = "Springer Berlin Heidelberg",
  title = "{Present climate and climate change over North America as simulated by the fifth-generation Canadian regional climate model}",
  volume = "41"
}
% url = "http://dx.doi.org/10.1007/s00382-013-1737-5",


@article{mearns2012narccap,
  author = "Mearns, Linda O and Arritt, Ray and Biner, S{\'e}bastien and Bukovsky, Melissa S and McGinnis, Seth and Sain, Stephan and Caya, Daniel and {Correia Jr}, James and Flory, Dave and Gutowski, William and others",
  journal = "Bulletin of the American Meteorological Society",
  number = "9",
  pages = "1337--1362",
  publisher = "American Meteorological Society",
  title = "{The North American regional climate change assessment program: overview of phase I results}",
  volume = "93",
  year = "2012"
}

@article{mearns2013narccap,
  title={Climate change projections of the North American regional climate change assessment program (NARCCAP)},
  author={Mearns, LO and Sain, Steve and Leung, LR and Bukovsky, MS and McGinnis, Seth and Biner, S and Caya, Daniel and Arritt, RW and Gutowski, William and Takle, E and others},
  journal={Climatic Change},
  volume={120},
  number={4},
  pages={965--975},
  year={2013},
  publisher={Springer}
}

@article{vseparovic2013crcm,
  author = "\v{S}eparovi{\'c}, Leo and Alexandru, Adelina and Laprise, Ren{\'e} and Martynov, Andrey and Sushama, Laxmi and Winger, Katja and Tete, Kossivi and Valin, Michel",
  journal = "Climate Dynamics",
  number = "11-12",
  pages = "3167--3201",
  publisher = "Springer Berlin Heidelberg",
  title = "{Present climate and climate change over North America as simulated by the fifth-generation Canadian regional climate model}",
  volume = "41",
  year = "2013"
}

@article{laprise2014racherla,
  author = "Laprise, Ren{\'e}",
  journal = "Journal of Geophysical Research: Atmospheres",
  number = "7",
  pages = "3877--3881",
  title = "{Comment on ``The added value to global model projections of climate change by dynamical downscaling: A case study over the continental US using the GISS-ModelE2 and WRF models'' by Racherla et al.}",
  volume = "119",
  year = "2014"
}

@article{erler2015hydro,
  title={{Dynamically Downscaled High-Resolution Hydroclimate Projections for Western Canada}},
  author={Erler, Andre R and Peltier, W Richard and d'Orgeville, Marc},
  journal={J. Climate},
  volume={28},
  number={2},
  pages={423--450},
  year={2015}
}

@article{dorgeville2015extremes,
  title={{Uncertainty in Future Summer Precipitation on the Great Lakes Basin due to Drought in the South-Western US}},
  author={d'Orgeville, Marc and Peltier, W Richard and Erler, Andre R},
  journal={J. Geophys. Res.},
  year={2015},
  note={accepted},
  publisher={Wiley Online Library}
}

@article{pepin2015mountainwarming,
  title={Elevation-dependent warming in mountain regions of the world},
  author={N. Pepin and R. S. Bradley and H. F. Diaz and M. Baraer and E. B. Caceres and N. Forsythe and H. Fowler and G. Greenwood and M. Z. Hashmi and X. D. Liu and J. R. Miller and L. Ning and A. Ohmura and E. Palazzi and I. Rangwala and W. SchÃ¶ner and I. Severskiy and M. Shahgedanova and M. B. Wang and S. N. Williamson & D. Q. Yang },
  journal={Nature Climate Change},
  volume={5},
  number={5},
  pages={424--430},
  year={2015},
  publisher={Nature Publishing Group}
}

@article{torma2015added,
  title={Added value of regional climate modeling over areas characterized by complex terrain --- Precipitation over the Alps},
  author={Torma, Csaba and Giorgi, Filippo and Coppola, Erika},
  journal={J. Geophys. Res.},
  year={2015},
  publisher={Wiley Online Library}
}

@article{lucaspicher2015nudging,
  year={2015},
  author = "Lucas-Picher, Philippe and Cattiaux, Julien and Bougie, Alexandre and Laprise, Ren{\'e}",
  doi = "10.1007/s00382-015-2623-0",
  issn = "0930-7575",
  journal = "Climate Dynamics",
  keywords = "Regional climate models; Weather regimes; Large-scale nudging; Seasonal extremes; North America; ALADIN",
  language = "English",
  pages = "1--20",
  publisher = "Springer Berlin Heidelberg",
  title = "{How does large-scale nudging in a regional climate model contribute to improving the simulation of weather regimes and seasonal extremes over North America?}",
}
%url = "http://dx.doi.org/10.1007/s00382-015-2623-0"


%% Observations

@article{daly2008prism,
  author = "Christopher Daly and Michael Halbleib and Joseph I Smith and Wayne P Gibson and Matthew K Doggett and George H Taylor and Jan Curtis and Phillip P Pasteris",
  journal = "Int. J. Climatol.",
  number = "15",
  pages = "2031--2064",
  publisher = "Wiley Online Library",
  title = "{Physiographically sensitive mapping of climatological temperature and precipitation across the conterminous United States}",
  volume = "28",
  year = "2008"
}

@misc{pcic2014prism,
  author = "PCIC",
  organization = "Pacific Climate Impacts Consortium, University of Victoria, and PRISM Climate Group, Oregon State University",
  year = 2014,
  title = "High Resolution PRISM Climatology",
  url = "https://www.pacificclimate.org/data/high-resolution-prism-climatology",
  note = {[Online; accessed 2014-02-09]}
}

@misc{wsc2010hydrographs,
  author = "WSC",
  organization = "Wateroffice, Water Service of Canada",
  year = 2010,
  title = "Real Time Hydrometric Data",
  url = "https://wateroffice.ec.gc.ca/index_e.html",
  note = {[Online; accessed 2014-02-10]}
}
% old URL
%url = "http://www.wsc.ec.gc.ca/applications/H2O/index-eng.cfm"

@article{harris2013cru,
  author = "I Harris and P D Jones and T J Osborn and D H Lister",
  journal = "Int. J. Climatol.",
  publisher = "Wiley Online Library",
  title = "{Updated high-resolution grids of monthly climatic observations--the CRU TS3. 10 Dataset}",
  year = "2013"
}

@article{schneider2013gpcc,
  author = "Udo Schneider and Andreas Becker and Peter Finger and Anja Meyer-Christoffer and Markus Ziese and Bruno Rudolf",
  journal = "Theoretical and Applied Climatology",
  pages = "1--26",
  publisher = "Springer",
  title = "{GPCC's new land surface precipitation climatology based on quality-controlled in situ data and its role in quantifying the global water cycle}",
  year = "2013"
}

@article{mesinger2006narr,
  author = "Fedor Mesinger and Geoff DiMego and Eugenia Kalnay and Kenneth Mitchell and Perry C Shafran and Wesley Ebisuzaki and Du\v{s}an Jovic and Jack Woollen and Eric Rogers and Ernesto H Berbery and others",
  journal = "Bull. Amer. Meteor. Soc.",
  number = "3",
  pages = "343--360",
  title = "{North American regional reanalysis}",
  volume = "87",
  year = "2006"
}

@article{saha2010cfsr,
  author = "Suranjana Saha and Shrinivas Moorthi and Hua-Lu Pan and Xingren Wu and Jiande Wang and Sudhir Nadiga and Patrick Tripp and Robert Kistler and John Woollen and David Behringer and others",
  journal = "Bull. Amer. Meteor. Soc.",
  number = "8",
  pages = "1015--1057",
  publisher = "American Meteorological Society",
  title = "{The NCEP climate forecast system reanalysis}",
  volume = "91",
  year = "2010"
}

@article{wang2011cfsrtest,
  author = "Wanqiu Wang and Pingping Xie and Soo-Hyun Yoo and Yan Xue and Arun Kumar and Xingren Wu",
  journal = "Climate dynamics",
  number = "7-8",
  pages = "1601--1620",
  publisher = "Springer",
  title = "{An assessment of the surface climate in the NCEP climate forecast system reanalysis}",
  volume = "37",
  year = "2011"
}

@article{dee2011erai,
  title={The ERA-Interim reanalysis: Configuration and performance of the data assimilation system},
  author={Dee, DP and Uppala, SM and Simmons, AJ and Berrisford, P and Poli, P and Kobayashi, S and Andrae, U and Balmaseda, MA and Balsamo, G and Bauer, P and others},
  journal={Quart. J. Roy. Meteor. Soc.},
  volume={137},
  number={656},
  pages={553--597},
  year={2011},
  publisher={Wiley Online Library}
}

@article {rayner2003hadisst,
author = {Rayner, N. A. and Parker, D. E. and Horton, E. B. and Folland, C. K. and Alexander, L. V. and Rowell, D. P. and Kent, E. C. and Kaplan, A.},
title = {Global analyses of sea surface temperature, sea ice, and night marine air temperature since the late nineteenth century},
journal = {J. Geophys. Res.},
volume = {108},
number = {D14},
issn = {2156-2202},
doi = {10.1029/2002JD002670},
pages = {n/a--n/a},
keywords = {sea surface temperature, sea ice, night marine air temperature, climate data reconstruction, bias correction, climate change},
year = {2003},
}
%url = {http://dx.doi.org/10.1029/2002JD002670},

@article {compo2011re20th,
author = {Compo, G. P. and Whitaker, J. S. and Sardeshmukh, P. D. and Matsui, N. and Allan, R. J. and Yin, X. and Gleason, B. E. and Vose, R. S. and Rutledge, G. and Bessemoulin, P. and BrÃ¶nnimann, S. and Brunet, M. and Crouthamel, R. I. and Grant, A. N. and Groisman, P. Y. and Jones, P. D. and Kruk, M. C. and Kruger, A. C. and Marshall, G. J. and Maugeri, M. and Mok, H. Y. and Nordli, Ã˜. and Ross, T. F. and Trigo, R. M. and Wang, X. L. and Woodruff, S. D. and Worley, S. J.},
title = {The Twentieth Century Reanalysis Project},
journal = {Quart. J. Roy. Meteor. Soc.},
volume = {137},
number = {654},
publisher = {John Wiley & Sons, Ltd.},
issn = {1477-870X},
doi = {10.1002/qj.776},
pages = {1--28},
keywords = {data assimilation, Ensemble Kalman Filter, state estimation, surface pressure, sea-level pressure},
year = {2011},
}
%url = {http://dx.doi.org/10.1002/qj.776},


%% Climate of the Pacific North-West

@article{burn2008mackenzie,
  author = "Donald H Burn",
  journal = "J. Hydrology",
  number = "1",
  pages = "225--238",
  publisher = "Elsevier",
  title = "{Climatic influences on streamflow timing in the headwaters of the Mackenzie River Basin}",
  volume = "352",
  year = "2008"
}

@article{linkin2008npo,
  title={The north pacific oscillation-west Pacific teleconnection pattern: Mature-phase structure and winter impacts},
  author={Linkin, Megan E and Nigam, Sumant},
  journal={J. Climate},
  volume={21},
  number={9},
  pages={1979--1997},
  year={2008}
}

@article{trenberthhurrell1994npi,
  year={1994},
  author = "Trenberth, Kevin E and Hurrell, James W",
  doi = "10.1007/BF00204745",
  issn = "0930-7575",
  journal = "Climate Dynamics",
  language = "English",
  number = "6",
  pages = "303--319",
  publisher = "Springer-Verlag",
  title = "{Decadal atmosphere-ocean variations in the Pacific}",
  volume = "9"
}
%url = "http://dx.doi.org/10.1007/BF00204745",

@article{mantua1997pdo,
  title={A Pacific interdecadal climate oscillation with impacts on salmon production},
  author={Mantua, Nathan J and Hare, Steven R and Zhang, Yuan and Wallace, John M and Francis, Robert C},
  journal={Bulletin of the american Meteorological Society},
  volume={78},
  number={6},
  pages={1069--1079},
  year={1997}
}

@article{mekis2011stationprecip,
  title={{An overview of the second generation adjusted daily precipitation dataset for trend analysis in Canada}},
  author={Mekis, {\'E}va and Vincent, Lucie A},
  journal={Atmos.--Ocean},
  volume={49},
  number={2},
  pages={163--177},
  year={2011},
  publisher={Taylor \& Francis}
}

%% Precipitation

@article{trenberth1999recycling,
  title={Atmospheric moisture recycling: Role of advection and local evaporation.},
  author={Trenberth, Kevin E},
  journal={J. Climate},
  volume={12},
  number={5},
  year={1999}
}

@article{trenberth2003precip,
  author = "Kevin E Trenberth and Aiguo Dai and Roy M Rasmussen and David B Parsons",
  journal = "Bull. Amer. Meteor. Soc.",
  number = "9",
  pages = "1205--1217",
  title = "{The changing character of precipitation}",
  volume = "84",
  year = "2003"
}

@article{trenberth2007watercycle,
  title={Estimates of the global water budget and its annual cycle using observational and model data},
  author={Trenberth, Kevin E and Smith, Lesley and Qian, Taotao and Dai, Aiguo and Fasullo, John},
  journal={J. Hydrometeorology},
  volume={8},
  number={4},
  year={2007}
}

@article{trenberth2011reanalysis,
  title={Atmospheric Moisture Transports from Ocean to Land and Global Energy Flows in Reanalyses},
  author={Trenberth, Kevin E and Fasullo, John T and Mackaro, Jessica},
  journal={J. Climate},
  volume={24},
  number={18},
  year={2011}
}

@article{anderson2009moistureflux,
  title={Estimating the Influence of Evaporation and Moisture-Flux Convergence upon Seasonal Precipitation Rates. Part II: An Analysis for North America Based upon the NCEP--DOE Reanalysis II Model.},
  author={Anderson, Bruce T and Ruane, Alex C and Roads, John O and Kanamitsu, Masao},
  journal={J. Hydrometeorology},
  volume={10},
  number={4},
  year={2009}
}

@article{stephens2010dreary,
  title={Dreary state of precipitation in global models},
  author={Stephens, Graeme L and L'Ecuyer, Tristan and Forbes, Richard and Gettlemen, Andrew and Golaz, Jean-Christophe and Bodas-Salcedo, Alejandro and Suzuki, Kentaroh and Gabriel, Philip and Haynes, John},
  journal={J. Geophys. Res. (1984--2012)},
  volume={115},
  number={D24},
  year={2010},
  publisher={Wiley Online Library}
}

@article{stephens2010evap,
  title={Are climate-related changes to the character of global-mean precipitation predictable?},
  author={Stephens, Graeme L and Hu, Yongxiang},
  journal={Environmental Research Letters},
  volume={5},
  number={2},
  pages={025209},
  year={2010},
  publisher={IOP Publishing}
}

@article{luce2013missingprecip,
  title={The Missing Mountain Water: Slower Westerlies Decrease Orographic Enhancement in the Pacific Northwest USA},
  author={Luce, C H and Abatzoglou, J T and Holden, Z A},
  journal={Science},
  volume={342},
  number={6164},
  pages={1360--1364},
  year={2013},
  publisher={American Association for the Advancement of Science}
}

@article{schindler2015variability,
  title={On the Internal Variability of Simulated Daily Precipitation*},
  author={Schindler, Anne and Toreti, Andrea and Zampieri, Matteo and Scoccimarro, Enrico and Gualdi, Silvio and Fukutome, Sophie and Xoplaki, Elena and Luterbacher, J{\"u}rg},
  journal={J. Climate},
  volume={28},
  number={9},
  pages={3624--3630},
  year={2015}
}


%% Statistics

@article{smirnov1939kstest,
  title={On the estimation of the discrepancy between empirical curves of distribution for two independent samples},
  author={Smirnov, Nikolai V},
  journal={Bull. Math. Univ. Moscou},
  volume={2},
  number={2},
  year={1939}
}

@article{massey1951ksfittest,
  title={The Kolmogorov-Smirnov test for goodness of fit},
  author={Massey Jr., Frank J},
  journal={Journal of the American statistical Association},
  volume={46},
  number={253},
  pages={68--78},
  year={1951},
  publisher={Taylor \& Francis Group}
}

@book{vonStorch2002statistics,
  title={Statistical analysis in climate research},
  author={von Storch, Hans and Zwiers, Francis W},
  year={2002},
  pages={495},
  publisher={Cambridge University Press}
}

@book{vonStorch1999statistics,
  title={Analysis of Climate Variability: Applications of Statistical Techniques},
  editor={von Storch, Hans and Navarra, A},
  year={1999},
  pages={352},
  publisher={Springer}
}

@article{katz2002statistics,
  title={Statistics of extremes in hydrology},
  author={Katz, Richard W and Parlange, Marc B and Naveau, Philippe},
  journal={Advances in water resources},
  volume={25},
  number={8},
  pages={1287--1304},
  year={2002},
  publisher={Elsevier}
}

@article{steinskog2007kstest,
  title={A cautionary note on the use of the Kolmogorov-Smirnov test for normality},
  author={Steinskog, Dag J and Tj{\o}stheim, Dag B and Kvamst{\o}, Nils G},
  journal={Mon. Wea. Rev.},
  volume={135},
  number={3},
  pages={1151--1157},
  year={2007}
}


%% Extremes

@article{degaetano1998clustering,
  title={A Smirnov test--based clustering algorithm with application to extreme precipitation data},
  author={DeGaetano, Arthur T},
  journal={Water resources research},
  volume={34},
  number={2},
  pages={169--176},
  year={1998},
  publisher={Wiley Online Library}
}

@book{field2012srex,
  title={Managing the risks of extreme events and disasters to advance climate change adaptation: special report of the intergovernmental panel on climate change},
  editor={Field, Christopher B},
  year={2012},
  publisher={Cambridge University Press}
}

@incollection{zwiers2013extremes,
  title={{Climate extremes: challenges in estimating and understanding recent changes in the frequency and intensity of extreme climate and weather events}},
  author={Zwiers, Francis W and Alexander, Lisa V and Hegerl, Gabriele C and Knutson, Thomas R and Kossin, James P and Naveau, Phillippe and Nicholls, Neville and Sch{\"a}r, Christoph and Seneviratne, Sonia I and Zhang, Xuebin},
  booktitle={Climate Science for Serving Society},
  pages={339--389},
  year={2013},
  publisher={Springer}
}

@misc{kleinTank2009guidelines,
  title={Guidelines on analysis of extremes in a changing climate in support of informed decisions for adaptation},
  author={Klein Tank, A M G and Zwiers, F W and Zhang, X},
  year={2009},
  pages={56},
  publisher={World Meteorological Organization}
}

@article{vincent2006extremes,
  title={Changes in daily and extreme temperature and precipitation indices for Canada over the twentieth century},
  author={Vincent, Lucie A and Mekis, Eva},
  journal={Atmos.--Ocean},
  volume={44},
  number={2},
  pages={177--193},
  year={2006},
  publisher={Taylor \& Francis}
}

@article{frei2006europe,
  title={Future change of precipitation extremes in Europe: Intercomparison of scenarios from regional climate models},
  author={Frei, Christoph and Sch{\"o}ll, Regina and Fukutome, Sophie and Schmidli, J{\"u}rg and Vidale, Pier Luigi},
  journal={J. Geophys. Res. (1984--2012)},
  volume={111},
  number={D6},
  year={2006},
  publisher={Wiley Online Library}
}

@article{berg2009seasonal,
  title={Seasonal characteristics of the relationship between daily precipitation intensity and surface temperature},
  author={Berg, P and Haerter, JO and Thejll, P and Piani, C and Hagemann, S and Christensen, JH},
  journal={J. Geophys. Res. (1984--2012)},
  volume={114},
  number={D18},
  year={2009},
  publisher={Wiley Online Library}
}


@article{cooley2009eva,
  title={Extreme value analysis and the study of climate change},
  author={Cooley, Daniel},
  journal={Climatic change},
  volume={97},
  number={1-2},
  pages={77--83},
  year={2009},
  publisher={Springer}
}

@article{katz2010eva,
  title={Statistics of extremes in climate change},
  author={Katz, Richard W},
  journal={Climatic Change},
  volume={100},
  number={1},
  pages={71--76},
  year={2010},
  publisher={Springer}
}

@article{muller2011cloudres,
  author = "{Muller Caroline J.} and {O{\rq}Gorman Paul A.} and {Back Larissa E.}",
  issn = "0894-8755",
  journal = "J. Climate",
  doi = "10.1175/2011JCLI3876.1",
  number = "11",
  pages = "2784--2800",
  publisher = "American Meteorological Society",
  title = "{Intensification of Precipitation Extremes with Warming in a Cloud-Resolving Model}",
  volume = "24",
  year = "2011"
}
% url = "http://dx.doi.org/10.1175/2011JCLI3876.1",

@article{min2011contrib,
  title={Human contribution to more-intense precipitation extremes},
  author={Min, Seung-Ki and Zhang, Xuebin and Zwiers, Francis W and Hegerl, Gabriele C},
  journal={Nature},
  volume={470},
  number={7334},
  pages={378--381},
  year={2011},
  publisher={Nature Publishing Group}
}

@article{mladjic2011extremescrcm,
  title={Canadian RCM projected changes to extreme precipitation characteristics over Canada},
  author={Mladjic, B and Sushama, L and Khaliq, MN and Laprise, R and Caya, D and Roy, R},
  journal={Journal of Climate},
  volume={24},
  number={10},
  pages={2565--2584},
  year={2011}
}

@article{francis2012extremes,
  author = "Jennifer A Francis and Stephen J Vavrus",
  journal = "Geophy. Res. Lett.",
  number = "6",
  publisher = "Wiley Online Library",
  title = "{Evidence linking Arctic amplification to extreme weather in mid-latitudes}",
  volume = "39",
  year = "2012"
}

@article {dominguez2012extremes,
  author = {Dominguez, F. and Rivera, E. and Lettenmaier, D. P. and Castro, C. L.},
  title = {Changes in winter precipitation extremes for the western United States under a warmer climate as simulated by regional climate models},
  journal = {Geophy. Res. Lett.},
  volume = {39},
  number = {5},
  issn = {1944-8007},
  doi = {10.1029/2011GL050762},
  pages = {L05803},
  keywords = {Regional climate change, Extreme events, Climate change and variability, climate change, precipitation extremes, regional climate modeling, western US},
  year = {2012},
}
% url = {http://dx.doi.org/10.1029/2011GL050762},

@article{wehner2013xtrmnarccap,
  title={Very extreme seasonal precipitation in the NARCCAP ensemble: model performance and projections},
  author={Wehner, Michael F},
  journal={Climate Dynamics},
  volume={40},
  number={1-2},
  pages={59--80},
  year={2013},
  publisher={Springer}
}

@article {jones2013rfa,
  author = {Jones, Mari R. and Fowler, Hayley J. and Kilsby, Christopher G. and Blenkinsop, Stephen},
  title = {An assessment of changes in seasonal and annual extreme rainfall in the UK between 1961 and 2009},
  journal = {Int. J. Climatol.},
  volume = {33},
  number = {5},
  publisher = {John Wiley & Sons, Ltd.},
  issn = {1097-0088},
  doi = {10.1002/joc.3503},
  pages = {1178--1194},
  keywords = {regional frequency analysis, UK, rainfall, extremes, seasonality, GEV, climate change},
  year = {2013},
}
% url = {http://dx.doi.org/10.1002/joc.3503},

@article{bernard2013clustering,
  title={Clustering of maxima: Spatial dependencies among heavy rainfall in France},
  author={Bernard, Elsa and Naveau, Philippe and Vrac, Mathieu and Mestre, Olivier},
  journal={Journal of Climate},
  volume={26},
  number={20},
  pages={7929--7937},
  year={2013}
}

@article{berg2013preccu,
  title={Strong increase in convective precipitation in response to higher temperatures},
  author={Berg, Peter and Moseley, Christopher and Haerter, Jan O},
  journal={Nature Geoscience},
  volume={6},
  number={3},
  pages={181--185},
  year={2013},
  publisher={Nature Publishing Group}
}

@article{gilleland2013software,
  title={A software review for extreme value analysis},
  author={Gilleland, Eric and Ribatet, Mathieu and Stephenson, Alec G},
  journal={Extremes},
  volume={16},
  number={1},
  pages={103--119},
  year={2013},
  publisher={Springer}
}

@article{kharin2013extremes,
  title={Changes in temperature and precipitation extremes in the {CMIP5} ensemble},
  author={Kharin, Viatcheslav V and Zwiers, FW and Zhang, X and Wehner, M},
  journal={Climatic Change},
  volume={119},
  number={2},
  pages={345--357},
  year={2013},
  publisher={Springer}
}

@article{sillmann2013climate1,
  title={Climate extremes indices in the CMIP5 multimodel ensemble: Part 1. Model evaluation in the present climate},
  author={Sillmann, J and Kharin, VV and Zhang, X and Zwiers, FW and Bronaugh, D},
  journal={J. Geophys. Res.},
  volume={118},
  number={4},
  pages={1716--1733},
  year={2013},
  publisher={Wiley Online Library}
}

@article{sillmann2013climate2,
  title={Climate extremes indices in the CMIP5 multimodel ensemble: Part 2. Future climate projections},
  author={Sillmann, J and Kharin, VV and Zwiers, FW and Zhang, X and Bronaugh, D},
  journal={J. Geophys. Res.},
  volume={118},
  number={6},
  pages={2473--2493},
  year={2013},
  publisher={Wiley Online Library}
}

@article{murdock2013xtrmnarccap,
  title={Climate change and extremes in the Canadian Columbia Basin},
  author={Murdock, Trevor Q and Sobie, Stephen R and Zwiers, Francis W and Eckstrand, Hailey D},
  journal={Atmos.--Ocean},
  volume={51},
  number={4},
  pages={456--469},
  year={2013},
  publisher={Taylor \& Francis}
}

@article{screen2014temp,
  title={Arctic amplification decreases temperature variance in northern mid-to high-latitudes},
  author={Screen, James A},
  journal={Nature Climate Change},
  year={2014},
  publisher={Nature Publishing Group}
}

@article{screen2014waves,
  title={Amplified mid-latitude planetary waves favour particular regional weather extremes},
  author={Screen, James A and Simmonds, Ian},
  journal={Nature Climate Change},
  year={2014},
  publisher={Nature Publishing Group}
}

@article{herring2014extremes2013,
  title={Explaining extreme events of 2013 from a climate perspective},
  author={Herring, Stephanie C and Hoerling, Martin P and Peterson, Thomas C and Stott, Peter A},
  journal={Bull. Amer. Meteor. Soc.},
  volume={95},
  number={9},
  pages={S1--S104},
  year={2014},
  publisher={American Meteorological Society}
}

@article{dorgeville2014extremes,
  title={{Climate change impacts on Great Lakes Basin precipitation extremes}},
  author={d'Orgeville, Marc and Peltier, W Richard and Erler, Andre R and Gula, Jonathan},
  journal={J. Geophys. Res.},
  volume={119},
  number={18},
  pages={10799--10812},
  year={2014},
  publisher={Wiley Online Library}
}

@article{jones2014clustering,
  author = "Jones, Mari R. and Blenkinsop, Stephen and Fowler, Hayley J. and Kilsby, Christopher G.",
  doi = "10.1002/joc.3720",
  issn = "1097-0088",
  journal = "Int. J. Climatol.",
  keywords = "Extreme rainfall; UK and Northern Ireland; principal components analysis; spatial patterns; precipitation",
  number = "3",
  pages = "751--765",
  publisher = "John Wiley \& Sons, Ltd",
  title = "{Objective classification of extreme rainfall regions for the UK and updated estimates of trends in regional extreme rainfall}",
  volume = "34",
  year = "2014"
}
% url = "http://dx.doi.org/10.1002/joc.3720",

@article{stott2015attribution,
  title={Attribution: Weather risks in a warming world},
  author={Stott, Peter},
  journal={Nature Climate Change},
  year={2015},
  publisher={Nature Publishing Group}
}

@article{fischer2015attribution,
  title={Anthropogenic contribution to global occurrence of heavy-precipitation and high-temperature extremes},
  author={Fischer, EM and Knutti, R},
  journal={Nature Climate Change},
  year={2015},
  publisher={Nature Publishing Group}
}


%% Hydrology

@article{koster2004dryness,
  author = "Randal D Koster and Paul A Dirmeyer and Zhichang Guo and Gordon Bonan and Edmond Chan and Peter Cox and CT Gordon and Shinjiro Kanae and Eva Kowalczyk and David Lawrence and others",
  journal = "Science",
  number = "5687",
  pages = "1138--1140",
  publisher = "American Association for the Advancement of Science",
  title = "{Regions of strong coupling between soil moisture and precipitation}",
  volume = "305",
  year = "2004"
}

@article{barnett2008hyrdo,
  title={Human-induced changes in the hydrology of the western United States},
  author={Barnett, Tim P and Pierce, David W and Hidalgo, Hugo G and Bonfils, Celine and Santer, Benjamin D and Das, Tapash and Bala, Govindasamy and Wood, Andrew W and Nozawa, Toru and Mirin, Arthur A and others},
  journal={science},
  volume={319},
  number={5866},
  pages={1080--1083},
  year={2008},
  publisher={American Association for the Advancement of Science}
}

@article{seneviratne2010soilmoisture,
  author = "Sonia I Seneviratne and Thierry Corti and Edouard L Davin and Martin Hirschi and Eric B Jaeger and Irene Lehner and Boris Orlowsky and Adriaan J Teuling",
  journal = "Earth-Science Reviews",
  number = "3",
  pages = "125--161",
  publisher = "Elsevier",
  title = "{Investigating soil moisture--climate interactions in a changing climate: a review}",
  volume = "99",
  year = "2010"
}

@article{kerkhoven2011hydrology,
  author = "Ernst Kerkhoven and Thian Yew Gan",
  journal = "Climatic Change",
  number = "4",
  pages = "583--607",
  publisher = "Springer",
  title = "{Differences and sensitivities in potential hydrologic impact of climate change to regional-scale Athabasca and Fraser River basins of the leeward and windward sides of the Canadian Rocky Mountains respectively}",
  volume = "106",
  year = "2011"
}

@article{teutschbein2011statdown,
  title={Evaluation of different downscaling techniques for hydrological climate-change impact studies at the catchment scale},
  author={Teutschbein, Claudia and Wetterhall, Fredrik and Seibert, Jan},
  journal={Climate dynamics},
  volume={37},
  number={9-10},
  pages={2087--2105},
  year={2011},
  publisher={Springer}
}

@article {shrestha2012frbhydro,
author = {Shrestha, Rajesh R. and Schnorbus, Markus A. and Werner, Arelia T. and Berland, Anne J.},
title = {Modelling spatial and temporal variability of hydrologic impacts of climate change in the Fraser River basin, British Columbia, Canada},
journal = {Hydrological Processes},
volume = {26},
number = {12},
publisher = {John Wiley & Sons, Ltd},
issn = {1099-1085},
doi = {10.1002/hyp.9283},
pages = {1840--1860},
keywords = {climate change, Fraser River basin, hydrologic impacts, snow hydrology, VIC model},
year = {2012},
}
%url = {http://dx.doi.org/10.1002/hyp.9283},

@article{bennett2012BCheadwaters,
  title={Uncertainties in Hydrologic and Climate Change Impact Analyses in Headwater Basins of British Columbia.},
  author={Bennett, Katrina E and Werner, Arelia T and Schnorbus, Markus},
  journal={J. Climate},
  volume={25},
  number={17},
  year={2012}
}

@article{yang2012tuning,
  author = "B. Yang and Y. Qian and G. Lin and R. Leung and Y. Zhang",
  doi = "10.5194/acp-12-2409-2012",
  journal = "Atmospheric Chemistry and Physics",
  number = "5",
  pages = "2409--2427",
  title = "{Some issues in uncertainty quantification and parameter tuning: a case study of convective parameterization scheme in the WRF regional climate model}",
  volume = "12",
  year = "2012"
}
%url = "http://www.atmos-chem-phys.net/12/2409/2012/",

@article{das2011warmseason,
  title="{The importance of warm season warming to western US streamflow changes}",
  author={Das, Tapash and Pierce, David W and Cayan, Daniel R and Vano, Julie A and Lettenmaier, Dennis P},
  journal={Geophy. Res. Lett.},
  volume={38},
  number={23},
  year={2011}
}

@article{savenije1996recycling,
  title={The runoff coefficient as the key to moisture recycling},
  author={Savenije, Hubert HG},
  journal={J. hydrology},
  volume={176},
  number={1},
  pages={219--225},
  year={1996},
  publisher={Elsevier}
}

@article{vanderEnt2010atmosMoisture,
  title={Origin and fate of atmospheric moisture over continents},
  author={van der Ent, Rudi J and Savenije, Hubert HG and Schaefli, Bettina and Steele-Dunne, Susan C},
  journal={Water Resources Research},
  volume={46},
  number={9},
  year={2010}
}

@article{vanderEnt2011recyclingScales,
AUTHOR = {van der Ent, R. J. and Savenije, H. H. G.},
TITLE = {Length and time scales of atmospheric moisture recycling},
JOURNAL = {Atmospheric Chemistry and Physics},
VOLUME = {11},
YEAR = {2011},
NUMBER = {5},
PAGES = {1853--1863},
DOI = {10.5194/acp-11-1853-2011}
}
%URL = {http://www.atmos-chem-phys.net/11/1853/2011/},

@article{dai2011drought,
  title={Drought under global warming: a review},
  author={Dai, Aiguo},
  journal={Wiley Interdisciplinary Reviews: Climate Change},
  volume={2},
  number={1},
  pages={45--65},
  year={2011},
  publisher={Wiley Online Library}
}

@article{overpeck2013hotdrought,
  title={Climate science: The challenge of hot drought},
  author={Overpeck, Jonathan T},
  journal={Nature},
  volume={503},
  number={7476},
  pages={350--351},
  year={2013},
  publisher={Nature Publishing Group}
}

@article{greve2014wetdry,
  title={Global assessment of trends in wetting and drying over land},
  author={Greve, Peter and Orlowsky, Boris and Mueller, Brigitte and Sheffield, Justin and Reichstein, Markus and Seneviratne, Sonia I},
  journal={Nature geoscience},
  volume={7},
  number={10},
  pages={716--721},
  year={2014},
  publisher={Nature Publishing Group}
}

@article{trenberth2014drought,
  title={Global warming and changes in drought},
  author={Trenberth, Kevin E and Dai, Aiguo and van der Schrier, Gerard and Jones, Philip D and Barichivich, Jonathan and Briffa, Keith R and Sheffield, Justin},
  journal={Nature Climate Change},
  volume={4},
  number={1},
  pages={17--22},
  year={2014},
  publisher={Nature Publishing Group}
}

@article{cook2015drought,
  title={Unprecedented 21st century drought risk in the American Southwest and Central Plains},
  author={Cook, Benjamin I and Ault, Toby R and Smerdon, Jason E},
  journal={Science Advances},
  volume={1},
  number={1},
  pages={e1400082},
  year={2015},
  publisher={American Association for the Advancement of Science}
}
